
@book{timinger2024modernes,
	title={Modernes Projektmanagement: Mit traditionellem, agilem und hybridem Vorgehen zum Erfolg},
	author={Timinger, H.},
	isbn={9783527841639},
	url={https://books.google.de/books?id=hgbzEAAAQBAJ},
	year={2024},
	publisher={Wiley}
}

@book{stark2011product,
	title={Product lifecycle management},
	author={Stark, John},
	booktitle={Product Lifecycle Management: 21st century paradigm for product realisation},
	pages={1--16},
	year={2011},
	publisher={Springer}
}

@book{wegmann2006projektmanagement,
	title={Projektmanagement f{\"u}r Unternehmensberatungen},
	author={Wegmann, Christoph and Winklbauer, Holger},
	year={2006},
	publisher={Springer}
}


@Conference{ozturk2019product,
	title={Product lifecycle management in smart factories: industry 4.0 applications},
	author={{\"O}zt{\"u}rk, Fatih and Kayar, Adem},
	booktitle={Proceedings of 10th international symposium on intelligent manufacturing and service systems. Istanbul/Turkey},
	year={2019}
}
@online{Capgemini_allgemein,
	author = {Capgemini},
	title = {Full-year 2024 results},
	year = 2024,
	url = {https://www.capgemini.com/de-de/news/pressemitteilung/full-year-2024-results/},
	urldate = {18.02.2025}
}

@online{Capgemini_invent,
	author = {Capgemini},
	title = {Untenehmensmarke Capgemini Invent},
	year = 2024,
	url = {https://www.capgemini.com/de-de/unternehmen/wer-wir-sind/unsere-marken/capgemini-invent/},
}

@online{Capgemini,
	author = {Capgemini},
	title = {Muttersunternehmen Capgemini},
	year = 2024,
	url = {https://www.capgemini.com/de-de/unternehmen/wer-wir-sind/},
}

@online{Capgemini_eng,
	author = {Capgemini},
	title = {Unternehmensmarke Capgemini Engineering},
	year = 2024,
	url = {https://www.capgemini.com/de-de/unternehmen/wer-wir-sind/unsere-marken/capgemini-engineering/},
}

@online{Sogeti,
	author = {Capgemini},
	title = {Unternehmensmarke Sogeti},
	year = 2024,
	url = {https://www.capgemini.com/de-de/unternehmen/wer-wir-sind/unsere-marken/sogeti/},
}

@online{Top10PLMVendoren,
	author = {Apps Run the World},
	title = {Top 10 PLM and Engineering Software Vendors},
	year = 2024,
	url = {https://www.appsruntheworld.com/top-10-product-lifecycle-management-engineering-software-vendors-and-market-forecast/},
}

@online{PLM1,
	author = {Gartner},
	title = {PLM Software in Discrete Manufacturing Industries Reviews},
	year = 2024,
	url = {hhttps://www.gartner.com/reviews/market/plm-software-in-discrete-manufacturing-industries},
}

@online{Dessault,
	author = {Dassault Systèmes},
	title = {Was ist Dassault Systèmes?},
	year = 2025,
	url = {https://www.3ds.com/about},
}

@online{PTC,
	author = {Parametric Technology Corparation},
	title = {Companies That Make Products the World Relies on, Rely on PTC},
	year = 2025,
	url = {https://www.ptc.com/en/about},
}

@online{Siemens,
	author = {Siemens Digital Industries Software},
	title = {Transform the everyday with software from Siemens},
	year = 2025,
	url = {https://www.sw.siemens.com/en-US/},
}

@online{Aras,
	author = {Aras},
	title = {An Application Platform for Modern Product Lifecycle Management},
	year = 2025,
	url = {https://aras.com/en},
}
