@misc {noauthor2025Gestaltungwissenschaftlicher,
Author = Matthias Karmasin
title = {Die Gestaltung wissenschaftlicher Arbeiten: ein Leitfaden für Bachelor-, Master-, Magister- und Diplomarbeiten sowie Dissertationen},
editor = {Karmasin, Matthias, 1964- [Verfasser/in] and Ribing, Rainer, 1973- [Verfasser/in] and Uni-Taschenbücher GmbH [Verlag]},
series = {UTB ; 2774. Schlüsselkompetenzen},
address = {Wien},
publisher = {facultas},
year = {2025},
edition = {11. vollständig überarbeitete und ergänzte Auflage},
isbn = {9783838563909},
isbn = {9783825263904 (Druck-Ausgabe)},
isbn = {1912054094 (Sekundärausgabe)},
language = {Deutsch},
keywords = {Wissenschaftliches Manuskript. Wissenschaftliches Manuskript. Wissenschaftliches Arbeiten. Wissenschaftliches Arbeiten},
type = {Einführung},
note = {1 Online-Ressource (174 Seiten)},
abstract = {Das Standardwerk für die inhaltliche und formale Gestaltung wissenschaftlicher Arbeiten – kompakt, topaktuell und jetzt auch in Farbe! Kapitel 1 gibt eine Einführung in die Welt des wissenschaftlichen Arbeitens, erläutert Konzeption und Planung der Vorgehensweise sowie die Formulierung der Forschungsfrage. Kapitel 2 behandelt den formalen Aufbau und die Formatierung der Arbeit in Word. Kapitel 3 behandelt die Praxis des wissenschaftlichen Arbeitens, zeigt, wie man wissenschaftlich argumentiert und recherchiert, wie man Hypothesen aufstellt und welche Quellen wissenschaftlich sind. Kapitel 4 erklärt einwandfreies Zitieren, den Umgang mit Fußnoten und die Erstellung des Literaturverzeichnisses. Kapitel 5 liefert Tipps und Tricks für professionelles Präsentieren und Vortragen. Der Band setzt keinerlei Vorwissen voraus, er ist für Studierende aller geistes-, sozial- und wirtschaftswissenschaftlichen Fächer im gesamten Studium geeignet. Dieser praktische Leitfaden erklärt Schritt für Schritt die inhaltliche und formale Gestaltung wissenschaftlicher Arbeiten und behandelt alle zentralen Fragen von der Themenfindung bis zur Präsentation.},
note = {Literaturverzeichnis: Seite 169-170},
}