@book{karmasin2017gestaltung,
	title={Die Gestaltung wissenschaftlicher Arbeiten: Ein Leitfaden f{\"u}r Facharbeit/VWA, Seminararbeiten, Bachelor-, Master-, Magister-und Diplomarbeiten sowie Dissertationen},
	author={Karmasin, Matthias and Ribing, Rainer},
	volume={2774},
	year={2017},
	publisher={utb}
}

@booka{prevezanos2013technisches,
	title={Technisches Schreiben: F{\"u}r Informatiker, Akademiker, Techniker und den Berufsalltag},
	author={Prevezanos, C.},
	isbn={9783446437593},
	url={https://books.google.de/books?id=KbdPAgAAQBAJ},
	year={2013},
	publisher={Carl Hanser Verlag GmbH \& Company KG}
}

@bookb{nitsch2023digitalisierung,
	title={Digitalisierung der Arbeitswelt im Mittelstand 3: Ergebnisse und Best Practice des BMBF-Forschungsschwerpunkts "Zukunft der Arbeit: Mittelstand -- innovativ und sozial"},
	author={Nitsch, V. and Brandl, C. and H{\"a}u{\ss}ling, R. and Roth, P. and Gries, T. and Schmenk, B.},
	isbn={9783662670248},
	url={https://books.google.de/books?id=UR8sEQAAQBAJ},
	year={2023},
	publisher={Springer Berlin Heidelberg}
}
