
@book{timinger2024modernes,
	title={Modernes Projektmanagement: Mit traditionellem, agilem und hybridem Vorgehen zum Erfolg},
	author={Timinger, H.},
	isbn={9783527841639},
	url={https://books.google.de/books?id=hgbzEAAAQBAJ},
	year={2024},
	publisher={Wiley}
}

@book{stark2011product,
	title={Product lifecycle management},
	author={Stark, John},
	booktitle={Product Lifecycle Management: 21st century paradigm for product realisation},
	pages={1--16},
	year={2011},
	publisher={Springer}
}

@book{wegmann2006projektmanagement,
	title={Projektmanagement f{\"u}r Unternehmensberatungen},
	author={Wegmann, Christoph and Winklbauer, Holger},
	year={2006},
	publisher={Springer}
}


@inproceedings{ozturk2019product,
	title={Product lifecycle management in smart factories: industry 4.0 applications},
	author={{\"O}zt{\"u}rk, Fatih and Kayar, Adem},
	booktitle={Proceedings of 10th international symposium on intelligent manufacturing and service systems. Istanbul/Turkey},
	pages={1420--1427},
	year={2019}
}
@online{Capgemini_allgemein,
	author = {Capgemini},
	title = {Full-year 2024 results},
	year = 2024,
	url = {https://www.capgemini.com/de-de/news/pressemitteilung/full-year-2024-results/},
	urldate = {18.02.2025}
}

@online{Capgemini_invent,
	author = {Capgemini},
	title = {Untenehmensmarke Capgemini Invent},
	year = 2024,
	url = {https://www.capgemini.com/de-de/unternehmen/wer-wir-sind/unsere-marken/capgemini-invent/},
}

@online{Capgemini,
	author = {Capgemini},
	title = {Muttersunternehmen Capgemini},
	year = 2024,
	url = {https://www.capgemini.com/de-de/unternehmen/wer-wir-sind/},
}

@online{Capgemini_eng,
	author = {Capgemini},
	title = {Unternehmensmarke Capgemini Engineering},
	year = 2024,
	url = {https://www.capgemini.com/de-de/unternehmen/wer-wir-sind/unsere-marken/capgemini-engineering/},
}

@online{Sogeti,
	author = {Capgemini},
	title = {Unternehmensmarke Sogeti},
	year = 2024,
	url = {https://www.capgemini.com/de-de/unternehmen/wer-wir-sind/unsere-marken/sogeti/},
}

@online{PLM,
	author = {Gartner},
	title = {Gartner Software in Discrete Manufacturing Industries},
	year = 2024,
	url = {https://www.gartner.com/reviews/market/plm-software-in-discrete-manufacturing-industries},
}

@online{Top10PLMVendoren,
	author = {Apps Run the World},
	title = {Top 10 PLM and Engineering Software Vendors},
	year = 2024,
	url = {https://www.appsruntheworld.com/top-10-product-lifecycle-management-engineering-software-vendors-and-market-forecast/},
}

