
@book{timinger2024modernes,
	title={Modernes Projektmanagement: Mit traditionellem, agilem und hybridem Vorgehen zum Erfolg},
	author={Timinger, H.},
	isbn={9783527841639},
	url={https://books.google.de/books?id=hgbzEAAAQBAJ},
	year={2024},
	publisher={Wiley}
}

@book{stark2011product,
	title={Product lifecycle management},
	author={Stark, John},
	booktitle={Product Lifecycle Management: 21st century paradigm for product realisation},
	pages={1--16},
	year={2011},
	publisher={Springer}
}
